<?xml version="1.0" encoding="UTF-8"?><collection xmlns="http://www.loc.gov/MARC21/slim"><record><leader>00354nam--2200133-i-4500</leader><controlfield tag="001">000042319</controlfield><controlfield tag="002">20161230</controlfield><controlfield tag="005">20161230201043</controlfield><controlfield tag="008">060222s1000------------r-----000-0-eng-d</controlfield><datafield ind1=" " ind2=" " tag="100"><subfield code="a">Soule Byron A</subfield></datafield><datafield ind1=" " ind2=" " tag="245"><subfield code="a">Library guide for the chemilst</subfield></datafield><datafield ind1=" " ind2=" " tag="260"><subfield code="a">New York, Mcgraw-hill Book Co,Inc.,1938. Xiii + 302 P</subfield></datafield><datafield ind1=" " ind2=" " tag="490"><subfield code="a">Int.Chemical Series</subfield></datafield><datafield ind1=" " ind2=" " tag="852"><subfield code="a">14563</subfield></datafield></record></collection>